%% This BibTeX bibliography file was created using BibDesk.
%% http://bibdesk.sourceforge.net/


%% Created for 竹村 光 at 2013-12-23 21:55:33 +0900


%% Saved with string encoding Unicode (UTF-8)



@inproceedings{weng2010twitterrank,
	Author = {Weng, Jianshu and Lim, Ee-Peng and Jiang, Jing and He, Qi},
	Booktitle = {Proceedings of the third ACM international conference on Web search and data mining},
	Date-Added = {2013-12-23 12:25:24 +0000},
	Date-Modified = {2013-12-23 12:25:56 +0000},
	Organization = {ACM},
	Pages = {261--270},
	Title = {Twitterrank: finding topic-sensitive influential twitterers},
	Year = {2010}}

@inproceedings{wu2011says,
	Author = {Wu, Shaomei and Hofman, Jake M and Mason, Winter A and Watts, Duncan J},
	Booktitle = {Proceedings of the 20th international conference on World wide web},
	Date-Added = {2013-12-23 12:17:02 +0000},
	Date-Modified = {2013-12-23 12:17:44 +0000},
	Organization = {ACM},
	Pages = {705--714},
	Title = {Who says what to whom on twitter},
	Year = {2011}}

@inproceedings{zhao2009and,
	Author = {Zhao, Dejin and Rosson, Mary Beth},
	Booktitle = {Proceedings of the ACM 2009 international conference on Supporting group work},
	Date-Added = {2013-12-23 12:15:32 +0000},
	Date-Modified = {2013-12-23 12:16:28 +0000},
	Organization = {ACM},
	Pages = {243--252},
	Title = {How and why people Twitter: the role that micro-blogging plays in informal communication at work},
	Year = {2009}}

@inproceedings{hopcroft2011will,
	Author = {Hopcroft, John and Lou, Tiancheng and Tang, Jie},
	Booktitle = {Proceedings of the 20th ACM international conference on Information and knowledge management},
	Date-Added = {2013-12-23 11:51:10 +0000},
	Date-Modified = {2013-12-23 11:51:58 +0000},
	Organization = {ACM},
	Pages = {1137--1146},
	Title = {Who will follow you back?: reciprocal relationship prediction},
	Year = {2011}}

@inproceedings{cheng2011predicting,
	Author = {Cheng, Justin and Romero, Daniel Mauricio and Meeder, Brendan and Kleinberg, Jon},
	Booktitle = {Privacy, security, risk and trust (passat), 2011 ieee third international conference on and 2011 ieee third international conference on social computing (socialcom)},
	Date-Added = {2013-12-23 11:46:58 +0000},
	Date-Modified = {2013-12-23 11:47:43 +0000},
	Organization = {IEEE},
	Pages = {49--56},
	Title = {Predicting reciprocity in social networks},
	Year = {2011}}

@inproceedings{kunegis2009slashdot,
	Author = {Kunegis, J{\'e}r{\^o}me and Lommatzsch, Andreas and Bauckhage, Christian},
	Booktitle = {Proceedings of the 18th international conference on World wide web},
	Date-Added = {2013-12-23 11:41:40 +0000},
	Date-Modified = {2013-12-23 11:42:35 +0000},
	Organization = {ACM},
	Pages = {741--750},
	Title = {The slashdot zoo: mining a social network with negative edges},
	Year = {2009}}

@inproceedings{leskovec2010signed,
	Author = {Leskovec, Jure and Huttenlocher, Daniel and Kleinberg, Jon},
	Booktitle = {Proceedings of the SIGCHI Conference on Human Factors in Computing Systems},
	Date-Added = {2013-12-23 11:32:12 +0000},
	Date-Modified = {2013-12-23 11:33:12 +0000},
	Organization = {ACM},
	Pages = {1361--1370},
	Title = {Signed networks in social media},
	Year = {2010}}

@inproceedings{leskovec2010predicting,
	Author = {Leskovec, Jure and Huttenlocher, Daniel and Kleinberg, Jon},
	Booktitle = {Proceedings of the 19th international conference on World wide web},
	Date-Added = {2013-12-23 11:29:35 +0000},
	Date-Modified = {2013-12-23 11:30:25 +0000},
	Organization = {ACM},
	Pages = {641--650},
	Title = {Predicting positive and negative links in online social networks},
	Year = {2010}}

@inproceedings{lee2010social,
	Author = {Lee, Kyumin and Caverlee, James and Webb, Steve},
	Booktitle = {Proceedings of the 19th international conference on World wide web},
	Date-Added = {2013-12-23 09:59:57 +0000},
	Date-Modified = {2013-12-23 09:59:57 +0000},
	Organization = {ACM},
	Pages = {1139--1140},
	Title = {The social honeypot project: protecting online communities from spammers},
	Year = {2010}}

@inproceedings{kwak2010twitter,
	Author = {Kwak, Haewoon and Lee, Changhyun and Park, Hosung and Moon, Sue},
	Booktitle = {Proceedings of the 19th international conference on World wide web},
	Date-Added = {2013-12-23 09:42:33 +0000},
	Date-Modified = {2013-12-23 09:43:30 +0000},
	Organization = {ACM},
	Pages = {591--600},
	Title = {What is Twitter, a social network or a news media?},
	Year = {2010}}

@inproceedings{yan2013classifying,
	Author = {Yan, Liang and Ma, Qiang and Yoshikawa, Masatoshi},
	Booktitle = {Database and Expert Systems Applications},
	Date-Added = {2013-12-23 02:49:03 +0000},
	Date-Modified = {2013-12-23 02:50:05 +0000},
	Organization = {Springer},
	Pages = {396--403},
	Title = {Classifying Twitter Users Based on User Profile and Followers Distribution},
	Year = {2013}}

@inproceedings{busch2012earlybird,
	Author = {Busch, Michael and Gade, Krishna and Larson, Brian and Lok, Patrick and Luckenbill, Samuel and Lin, Jimmy},
	Booktitle = {Data Engineering (ICDE), 2012 IEEE 28th International Conference on},
	Date-Added = {2013-09-02 04:50:32 +0000},
	Date-Modified = {2013-09-02 04:51:36 +0000},
	Organization = {IEEE},
	Pages = {1360--1369},
	Title = {Earlybird: Real-time search at twitter},
	Year = {2012}}

@inproceedings{broder2002taxonomy,
	Author = {Broder, Andrei},
	Booktitle = {ACM Sigir forum},
	Date-Added = {2013-09-02 04:36:10 +0000},
	Date-Modified = {2013-09-02 04:36:51 +0000},
	Number = {2},
	Organization = {ACM},
	Pages = {3--10},
	Title = {A taxonomy of web search},
	Volume = {36},
	Year = {2002}}

@inproceedings{mathioudakis2010twittermonitor,
	Author = {Mathioudakis, Michael and Koudas, Nick},
	Booktitle = {Proceedings of the 2010 ACM SIGMOD International Conference on Management of data},
	Date-Added = {2013-09-01 08:51:51 +0000},
	Date-Modified = {2013-09-01 08:54:31 +0000},
	Organization = {ACM},
	Pages = {1155--1158},
	Title = {Twittermonitor: trend detection over the twitter stream},
	Year = {2010}}

@inproceedings{massoudi2011incorporating,
	Author = {Massoudi, Kamran and Tsagkias, Manos and de Rijke, Maarten and Weerkamp, Wouter},
	Booktitle = {Advances in Information Retrieval},
	Date-Added = {2013-03-14 20:27:25 +0900},
	Date-Modified = {2013-03-14 20:28:39 +0900},
	Pages = {362--367},
	Publisher = {Springer},
	Title = {Incorporating query expansion and quality indicators in searching microblog posts},
	Year = {2011}}

@inproceedings{takemura2012tweet,
	Author = {Takemura, H. and Tajima, K.},
	Booktitle = {Proceedings of the 21st International Conference on Information and Knowledge Management (CIKM)},
	Date-Added = {2013-03-14 17:35:56 +0900},
	Date-Modified = {2013-03-14 17:46:49 +0900},
	Organization = {ACM},
	Pages = {2367--2370},
	Title = {Tweet Classification Based on Their Lifetime Duration},
	Year = {2012}}

@inproceedings{nishida2011tweet,
	Author = {Nishida, K. and Banno, R. and Fujimura, K. and Hoshide, T.},
	Booktitle = {Proceedings of the 2011 international workshop on DETecting and Exploiting Cultural diversiTy on the social web},
	Date-Added = {2013-02-04 16:51:49 +0900},
	Date-Modified = {2013-02-04 16:52:31 +0900},
	Organization = {ACM},
	Pages = {29--34},
	Title = {Tweet classification by data compression},
	Year = {2011}}

@inproceedings{ikawa2012location,
	Author = {Ikawa, Y. and Enoki, M. and Tatsubori, M.},
	Booktitle = {Proceedings of the 21st international conference companion on World Wide Web},
	Date-Added = {2013-02-04 16:50:46 +0900},
	Date-Modified = {2013-02-04 16:51:25 +0900},
	Organization = {ACM},
	Pages = {687--690},
	Title = {Location inference using microblog messages},
	Year = {2012}}

@inproceedings{ehrlich2010microblogging,
	Author = {Ehrlich, K. and Shami, N.S.},
	Booktitle = {Proc. ICWSM},
	Date-Added = {2013-01-27 17:04:00 +0900},
	Date-Modified = {2013-01-27 17:04:43 +0900},
	Title = {Microblogging inside and outside the workplace},
	Volume = {10},
	Year = {2010}}

@inproceedings{pennacchiotti2011machine,
	Author = {Pennacchiotti, M. and Popescu, A.M.},
	Booktitle = {Fifth International AAAI Conference on Weblogs and Social Media (ICWSM)},
	Date-Added = {2013-01-27 16:56:30 +0900},
	Date-Modified = {2013-01-27 16:57:06 +0900},
	Title = {A machine learning approach to twitter user classification},
	Year = {2011}}

@inproceedings{chu2010tweeting,
	Author = {Chu, Z. and Gianvecchio, S. and Wang, H. and Jajodia, S.},
	Booktitle = {Proceedings of the 26th Annual Computer Security Applications Conference},
	Date-Added = {2013-01-27 16:41:46 +0900},
	Date-Modified = {2013-01-27 16:42:48 +0900},
	Organization = {ACM},
	Pages = {21--30},
	Title = {Who is tweeting on twitter: human, bot, or cyborg?},
	Year = {2010}}

@inproceedings{cha2010measuring,
	Author = {Cha, M. and Haddadi, H. and Benevenuto, F. and Gummadi, K.P.},
	Booktitle = {4th international aaai conference on weblogs and social media (icwsm)},
	Date-Added = {2013-01-27 16:08:59 +0900},
	Date-Modified = {2013-01-27 16:09:48 +0900},
	Number = {1},
	Pages = {8},
	Title = {Measuring user influence in twitter: The million follower fallacy},
	Volume = {14},
	Year = {2010}}

@inproceedings{java2007we,
	Author = {Java, A. and Song, X. and Finin, T. and Tseng, B.},
	Booktitle = {Proceedings of the 9th WebKDD and 1st SNA-KDD 2007 workshop on Web mining and social network analysis},
	Date-Added = {2013-01-27 15:56:29 +0900},
	Date-Modified = {2013-01-27 15:57:33 +0900},
	Organization = {ACM},
	Pages = {56--65},
	Title = {Why we twitter: understanding microblogging usage and communities},
	Year = {2007}}

@inproceedings{nagmoti2010ranking,
	Author = {Nagmoti, R. and Teredesai, A. and De Cock, M. and others},
	Date-Added = {2013-01-06 21:15:39 +0900},
	Date-Modified = {2013-01-06 21:16:26 +0900},
	Publisher = {IEEE Computer Society},
	Title = {Ranking approaches for microblog search},
	Year = {2010}}

@inproceedings{teevan2011twittersearch,
	Author = {Teevan, J. and Ramage, D. and Morris, M.R.},
	Booktitle = {Proceedings of the fourth ACM international conference on Web search and data mining},
	Date-Added = {2013-01-06 21:13:21 +0900},
	Date-Modified = {2013-01-06 21:14:08 +0900},
	Organization = {ACM},
	Pages = {35--44},
	Title = {\# TwitterSearch: a comparison of microblog search and web search},
	Year = {2011}}

@inproceedings{duan2010empirical,
	Author = {Duan, Y. and Jiang, L. and Qin, T. and Zhou, M. and Shum, H.Y.},
	Booktitle = {Proceedings of the 23rd International Conference on Computational Linguistics},
	Date-Added = {2013-01-06 19:19:59 +0900},
	Date-Modified = {2013-01-06 19:21:01 +0900},
	Organization = {Association for Computational Linguistics},
	Pages = {295--303},
	Title = {An empirical study on learning to rank of tweets},
	Year = {2010}}

@misc{TwitterUsers,
	Author = {Matt Brian},
	Date-Added = {2012-02-11 09:18:35 +0900},
	Date-Modified = {2013-01-05 01:15:22 +0900},
	Howpublished = {http://thenextweb.com/twitter/2012/12/18/twitter-now-has-200-million-monthly-active-users-up-60-million-in-9-months/},
	Month = {12},
	Title = {Twitter now has 200 million monthly active users, up 60 million in 9 months},
	Year = {2012},
	Yomi = {a}}

@misc{TweetsPerDay,
	Author = {Matt McGee},
	Date-Added = {2012-02-11 09:18:35 +0900},
	Date-Modified = {2013-01-05 01:31:45 +0900},
	Howpublished = {http://marketingland.com/\\twitter-400-million-tweets-daily-improving-content-discovery-13581},
	Month = {6},
	Title = {With 400 Million Tweets Per Day, Twitter Spending ``Inordinate Resources'' On Improving Content Discovery},
	Year = {2012},
	Yomi = {aa}}

@inproceedings{sakaki2010earthquake,
	Author = {Sakaki, T. and Okazaki, M. and Matsuo, Y.},
	Booktitle = {Proceedings of the 19th international conference on World wide web},
	Date-Added = {2012-01-11 09:09:42 +0900},
	Date-Modified = {2012-02-11 09:33:24 +0900},
	Organization = {ACM},
	Pages = {851--860},
	Title = {Earthquake shakes Twitter users: real-time event detection by social sensors},
	Year = {2010},
	Yomi = {g}}

@inproceedings{sriram2010short,
	Author = {Sriram, B. and Fuhry, D. and Demir, E. and Ferhatosmanoglu, H. and Demirbas, M.},
	Booktitle = {Proceeding of the 33rd international ACM SIGIR conference on research and development in information retrieval},
	Date-Added = {2012-01-11 09:06:29 +0900},
	Date-Modified = {2012-02-11 09:32:24 +0900},
	Organization = {ACM},
	Pages = {841--842},
	Title = {Short text classification in twitter to improve information filtering},
	Year = {2010},
	Yomi = {cb}}

@inproceedings{irani2010study,
	Author = {Irani, D. and Webb, S. and Pu, C. and Li, K.},
	Booktitle = {Collaboration, Electronic messaging, Anti-Abuse and Spam Conference (CEAS)},
	Date-Added = {2012-01-11 09:05:47 +0900},
	Date-Modified = {2012-02-11 09:32:04 +0900},
	Title = {Study of trend-stuffing on twitter through text classification},
	Year = {2010},
	Yomi = {aaaa}}
